<?xml version="1.0" encoding="UTF-8"?><collection xmlns="http://www.loc.gov/MARC21/slim"><record><leader>00298nam--2200121-i-4500</leader><controlfield tag="001">000021242</controlfield><controlfield tag="002">20161230</controlfield><controlfield tag="005">20161230201034</controlfield><controlfield tag="008">060222s1000------------r-----000-0-eng-d</controlfield><datafield ind1=" " ind2=" " tag="245"><subfield code="a">Experimental nuclear physics</subfield></datafield><datafield ind1=" " ind2=" " tag="260"><subfield code="a">New York, John Wiley, 1953,1959. Ix+789p</subfield></datafield><datafield ind1=" " ind2=" " tag="700"><subfield code="a">Segre, E</subfield></datafield><datafield ind1=" " ind2=" " tag="852"><subfield code="a">12867</subfield></datafield></record></collection>